<?xml version="1.0" encoding="UTF-8"?><collection xmlns="http://www.loc.gov/MARC21/slim"><record><leader>00586nam--2200181-i-4500</leader><controlfield tag="001">000014023</controlfield><controlfield tag="002">20161230</controlfield><controlfield tag="005">20161230201030</controlfield><controlfield tag="008">060222s1000------------r-----000-0-fre-d</controlfield><datafield ind1=" " ind2=" " tag="040"><subfield code="a">IFIN-HH</subfield></datafield><datafield ind1=" " ind2=" " tag="041"><subfield code="a">fre</subfield></datafield><datafield ind1=" " ind2=" " tag="080"><subfield code="a">519.2(043)</subfield></datafield><datafield ind1="1" ind2=" " tag="100"><subfield code="a">Boyer De Boulliane, Catherine</subfield></datafield><datafield ind1="1" ind2="0" tag="245"><subfield code="a">Sur l`approximation de modeles de files d`atte nte par des processus de diffusion associes a une condition frontiere. these</subfield><subfield code="c">Catherine Boyer de Bouillane</subfield></datafield><datafield ind1=" " ind2=" " tag="260"><subfield code="a">Paris, Universite Pierre Et Marie Curie, 1979</subfield></datafield><datafield ind1=" " ind2=" " tag="300"><subfield code="a">79 P</subfield></datafield><datafield ind1=" " ind2=" " tag="852"><subfield code="a">49598</subfield><subfield code="c">519.2</subfield></datafield><datafield ind1=" " ind2=" " tag="CAT"><subfield code="a">Sys</subfield><subfield code="c">20100608</subfield><subfield code="h">102038</subfield></datafield></record></collection>